@online{zeitki,
    author = "Daniel Dettling und Matthias Horx",
    title = "KÃ¼nzliche Intelligenz: Ende der Monotonie",
    url  = "https://www.zeit.de/2018/45/kuenstliche-intelligenz-arbeitswelt-technische-entwicklung-jobs-chancen",
    addendum = "(Abgefragt: 15. Dezember 2019)",
    keywords = "ki,zeit"
}